@article{le2001carbon,
author = {{Le Roux}, Xavier and Lacointe, Andr\'{e} and Escobar-Guti\'{e}rrez, Abraham and {Le Diz\`{e}s}, S\'{e}verine},
journal = {Annals of Forest Science},
number = {5},
pages = {469--506},
publisher = {EDP Sciences},
title = {{Carbon-based models of individual tree growth: a critical appraisal}},
volume = {58},
year = {2001}
}
